@Book{knuth:84,
  author = 	 {Donald E. Knuth},
  title = 	 {The {\TeX} Book},
  publisher = 	 {Addison-Wesley},
  year = 	 {1984},
  edition = 	 {15th}
}

@InCollection{boulic:91,
  author = 	 {R. Boulic and O. Renault},
  title = 	 {3D Hierarchies for Animation},
  booktitle = 	 {New Trends in Animation and Visualization},
  publisher =    {John Wiley {\&} Sons ltd.},
  year = 	 {1991},
  editor = 	 {Nadia Magnenat-Thalmann and Daniel Thalmann}
}

@InCollection{smith:99,
  author = 	 {A. Smith and B. Jones},
  title = 	 {On the Complexity of Computing},
  booktitle = 	 {Advances in Computer Science},
  pages = 	 {555--566},
  publisher =    {Publishing Press},
  year = 	 {1999},
  editor = 	 {A. B. Smith-Jones}
}


@misc{portaria:ci,
  address={BRASIL},
  author={Ministério da Justiça},
  journal = {Portaria No. 368, de 11 de Fevereiro de 2014},
  title={Política Pública de Classificação Indicativa},
  month = {Fevereiro},
  year = {2014}
}

@misc{eca,
  address={BRASIL},
  author={Câmera dos Deputados},
  title={Estatuto da Criança e do Adolescente},
  year={1995},
  month={Julho},
  journal={Lei no 8.069, de 13 de julho de 1990}
}

@misc{ci:guia,
  address={BRASIL},
  author={Secretaria Nacional de Justiça},
  title={Classificação Indicativa Guia Pratico},
  year={2012}
}

@article{shin2013smart,
  title={Smart TV: are they really smart in interacting with people? Understanding the interactivity of Korean Smart TV},
  author={Shin, Dong-Hee and Hwang, Yongsuk and Choo, Hyunseung},
  journal={Behaviour \& information technology},
  volume={32},
  number={2},
  pages={156--172},
  year={2013},
  publisher={Taylor \& Francis}
}

@inproceedings{michele2014watch,
  title={Watch and be watched: Compromising all smart tv generations},
  author={Mich{\'e}le, Benjamin and Karpow, Andrew},
  booktitle={Consumer Communications and Networking Conference (CCNC), 2014 IEEE 11th},
  pages={351--356},
  year={2014},
  organization={IEEE}
}

@inproceedings{perakakis2015proposed,
  title={A proposed model for cross-platform web 3D applications on smart TV systems},
  author={Perakakis, Emmanouil and Ghinea, Gheorghita},
  booktitle={Proceedings of the 20th International Conference on 3D Web Technology},
  pages={165--166},
  year={2015},
  organization={ACM}
}

@book{kubat2016introduction,
  title={An Introduction to Machine Learning},
  author={Kubat, Miroslav},
  year={2016},
  publisher={Springer}
}

@inproceedings{ghamrawi2005collective,
  title={Collective multi-label classification},
  author={Ghamrawi, Nadia and McCallum, Andrew},
  booktitle={Proceedings of the 14th ACM international conference on Information and knowledge management},
  pages={195--200},
  year={2005},
  organization={ACM}
}

@misc{samsung:smarttv,
  title={Smart TV: Piece by Piece},
  year={2011},
  howpublished={\url{https://news.samsung.com/global/smart-tv-piece-by-piece}},
  note={Acessado em 15 de Março de 2018}
 }

@misc{whatisasmarttv,
  title={What Is A Smart TV?},
  author={Steve Kovach},
  year={2010},
  howpublished={\url{http://www.businessinsider.com/what-is-a-smart-tv-2010-12}},
  note={Acessado em 15 de Março de 2018}
}

@misc{differencebetween,
  title={Difference between Smart TV and Normal TV},
  author={Difference Between},
  howpublished={\url{http://www.differencebetween.info/difference-between-smart-tv-and-normal-tv}},
  note={Acessado em 21 de Março de 2018}
}

@misc{tomsguid:everythingsmart,
  title={Smart TVs: Everything You Need to Know},
  author={ John R. Quain},
  year={2018},
  month={Março},
  howpublished={\url{https://www.tomsguide.com/us/smart-tv-faq,review-2111.html}},
  note={Acessado em 23 de Março de 2018}
}

@misc{mautilus:specificationsforsmart,
  title={Specifications details for Smart TVs platforms},
  author={Mautilus},
  year={2013},
  month={Dezembro},
  howpublished={\url{https://www.mautilus.com/blog/specifications-details-for-smart-tvs-platforms/}},
  note={Acessado em 23 de Março de 2018}
}

@misc{estadao:explosaovideosonline,
  title={Explosão no consumo de vídeos online coloca em xeque o futuro da televisão},
  author={Bruno Capelas - O Estado de S.Paulo },
  year={2017},
  month={Março},
  howpublished={\url{http://link.estadao.com.br/noticias/geral,explosao-no-consumo-de-videos-online-coloca-em-xeque-o-futuro-da-televisao,70001695828}},
  note={Acessado em 20 de Março de 2018}
}

@misc{canaltech:streaming,
  title={Os melhores serviços de streaming de vídeo disponíveis no Brasil},
  author={Douglas Ciriaco},
  howpublished={\url{https://canaltech.com.br/internet/os-melhores-servicos-de-streaming-de-video-disponiveis-no-brasil/}},
  note={Acessado em 20 de Março de 2018}
}

@misc{sbt:tvconectada,
  title={SMART TV - TV CONECTADA},
  author={SBT},
  year={2015},
  howpublished={\url{http://www.sbt.com.br/tvconectada/}},
  note={Acessado em 23 de Março de 2018}
}

@misc{leiajabuscasmart,
  title={Com fim do sinal analógico, busca por smart TVs cresce 11%},
  author={Nathália Guimarães},
  year={2017},
  month={Julho},
  howpublished={\url{http://www.leiaja.com/tecnologia/2017/07/17/com-fim-do-sinal-analogico-busca-por-smart-tvs-cresce-11/}},
  note={Acessado em 22 de Março de 2018}
}

@misc{correiopnad,
  title={Copa e novas tecnologias prometem aumentar venda de TVs no Brasil em 2018},
  author={Correio Braziliense},
  year={2018},
  month={Janeiro},
  howpublished={\url{http://www.correiobraziliense.com.br/app/noticia/economia/2018/01/23/internas_economia,654966/copa-e-novas-tecnologias-prometem-aumentar-venda-de-tvs-no-brasil.shtml}},
  note={Acessado em 21 de Março de 2018}
}


@misc{pnad2015,
  title={Pesquisa Nacional por Amostra de Domicílios: Acesso à INternet e à Telvisão e Posse de Telefone Móvel Celular para Uso Pessoal},
  author={IBGE},
  year={2015},
  howpublished={\url{https://biblioteca.ibge.gov.br/visualizacao/livros/liv99054.pdf}},
  note={Acessado em 16 de Março de 2018}
}

@article{bengio2009learning,
  title={Learning deep architectures for AI},
  author={Bengio, Yoshua and others},
  journal={Foundations and trends{\textregistered} in Machine Learning},
  volume={2},
  number={1},
  pages={1--127},
  year={2009},
  publisher={Now Publishers, Inc.}
}
@book{marsland2015machine,
  title={Machine learning: an algorithmic perspective},
  author={Marsland, Stephen},
  year={2015},
  publisher={CRC press}
}

@book{mitchell1997machine,
  title={Machine Learning},
  author={Mitchell, T.M.},
  isbn={9780070428072},
  lccn={97007692},
  series={McGraw-Hill international editions - computer science series},
  url={https://books.google.com.br/books?id=xOGAngEACAAJ},
  year={1997},
  publisher={McGraw-Hill Education}
}

@book{lathi2006sinais,
  title={Sinais e Sistemas Lineares-2},
  author={Lathi, Bhagwandas Pannalal},
  year={2006},
  publisher={Bookman}
}

@book{bracewell1986fourier,
  title={The Fourier transform and its applications},
  author={Bracewell, Ronald Newbold and Bracewell, Ronald N},
  volume={31999},
  year={1986},
  publisher={McGraw-Hill New York}
}

@book{goodfellow2016deep,
  title={Deep learning},
  author={Goodfellow, Ian and Bengio, Yoshua and Courville, Aaron},
  volume={1},
  year={2016},
  publisher={MIT press Cambridge}
}

@misc{ibm2017bigdata,
  title={10 Key Marketing Trends for 2017 and Ideas for Exceeding Customer Expectations},
  author={Marketing Cloud IBM},
  year={2017},
  howpublished={\url{{https://www-01.ibm.com/common/ssi/cgi-bin/ssialias?htmlfid=WRL12345USEN}},
  note={Acessado em 23 de Março de 2018}
}
