@article{ludermir2000redes,
  title={Redes neurais artificiais: teoria e aplica{\c{c}}{\~o}es},
  author={Ludermir, Teresa Bernarda and Braga, Ant{\^o}nio P and Carvalho, ACPLF},
  journal={Livros T{\'e}cnicos e Cient{\'\i}ficos Editora},
  year={2000}
}

@article{elloa_patrick,
  title={Uma Abordagem Baseada em Redes Neurais para a Predição de Chuva em Manaus, Amazonas},
  author={Patrick Magalhaes de Lima, Elloá B. Guedes},
  journal={Congresso Amazônico de Computação e Sistemas Inteligentes},
  volume={1},
  pages={149--158},
  year={2015},
  publisher={Anais do I Congresso Amazônico de Computação e Sistemas Inteligentes}
}

@inproceedings{darji2015rainfall,
  title={Rainfall forecasting using neural network: A survey},
  author={Darji, Mohini P and Dabhi, Vipul K and Prajapati, Harshadkumar B},
  booktitle={Computer Engineering and Applications (ICACEA), 2015 International Conference on Advances in},
  pages={706--713},
  year={2015},
  organization={IEEE}
}
