@Book{knuth:84,
  author = 	 {Donald E. Knuth},
  title = 	 {The {\TeX} Book},
  publisher = 	 {Addison-Wesley},
  year = 	 {1984},
  edition = 	 {15th}
}

@book{acharya2005image,
  title={Image processing: principles and applications},
  author={Acharya, Tinku and Ray, Ajoy K},
  year={2005},
  publisher={John Wiley \& Sons}
}


@InCollection{boulic:91,
  author = 	 {R. Boulic and O. Renault},
  title = 	 {3D Hierarchies for Animation},
  booktitle = 	 {New Trends in Animation and Visualization},
  publisher =    {John Wiley {\&} Sons ltd.},
  year = 	 {1991},
  editor = 	 {Nadia Magnenat-Thalmann and Daniel Thalmann}
}

@book{brink2016real,
 author = {Brink, Henrik and Richards, Joseph and Fetherolf, Mark},
 title = {Real-World Machine Learning},
 year = {2016},
 isbn = {1617291927, 9781617291920},
 edition = {1st},
 publisher = {Manning Publications Co.},
 address = {Greenwich, CT, USA},
}

@book{haykin2009neural,
  added-at = {2017-03-18T17:31:57.000+0100},
  address = {Upper Saddle River, NJ},
  author = {Haykin, Simon S.},
  biburl = {https://www.bibsonomy.org/bibtex/2e5015812328aaeccd73d8b03a7e36831/vngudivada},
  edition = {Third},
  interhash = {4cef19efafc52ae42607f9832a205214},
  intrahash = {e5015812328aaeccd73d8b03a7e36831},
  keywords = {Book Learning NeuralNetwork},
  publisher = {Pearson Education},
  timestamp = {2017-03-18T17:31:57.000+0100},
  title = {Neural networks and learning machines},
  year = 2009
}



@InCollection{smith:99,
  author = 	 {A. Smith and B. Jones},
  title = 	 {On the Complexity of Computing},
  booktitle = 	 {Advances in Computer Science},
  pages = 	 {555--566},
  publisher =    {Publishing Press},
  year = 	 {1999},
  editor = 	 {A. B. Smith-Jones}
}


@misc{portaria:ci,
  address={BRASIL},
  author={Ministério da Justiça},
  journal = {Portaria No. 368, de 11 de Fevereiro de 2014},
  title={Política Pública de Classificação Indicativa},
  month = {Fevereiro},
  year = {2014},
  publisher={Ministério da Justiça}
}

@misc{eca,
  address={BRASIL},
  author={Câmera dos Deputados},
  title={Estatuto da Criança e do Adolescente},
  year={1995},
  month={Julho},
  publisher={Planalto},
  journal={Lei no 8.069, de 13 de julho de 1990}
}

@misc{ci:guia,
  address={BRASIL},
  author={Secretaria Nacional de Justiça},
  title={Classificação Indicativa Guia Pratico},
  year={2012},
  publisher={Ministério da Justiça}
}

@article{shin2013smart,
  title={Smart TV: are they really smart in interacting with people? Understanding the interactivity of Korean Smart TV},
  author={Dong-Hee Shin and Yongsuk Hwang and Hyunseung Choo},
  journal={Behaviour \& information technology},
  volume={32},
  number={2},
  pages={156--172},
  year={2013},
  publisher={Taylor \& Francis}
}

@inproceedings{michele2014watch,
  title={Watch and be watched: Compromising all smart tv generations},
  author={Benjamin Mich{\'e}le and Andrew Karpow},
  booktitle={Consumer Communications and Networking Conference (CCNC), 2014 IEEE 11th},
  pages={351--356},
  year={2014},
  organization={IEEE},
  address={Las Vegas, NV, USA}
}

@inproceedings{perakakis2015proposed,
author = {Perakakis, Emmanouil and Ghinea, Gheorghita},
title = {A Proposed Model for Cross-platform Web 3D Applications on Smart TV Systems},
booktitle = {Proceedings of the 20th International Conference on 3D Web Technology},
series = {Web3D '15},
year = {2015},
isbn = {978-1-4503-3647-5},
location = {Heraklion, Crete, Greece},
pages = {165--166},
numpages = {2},
url = {http://doi.acm.org/10.1145/2775292.2778303},
doi = {10.1145/2775292.2778303},
acmid = {2778303},
publisher = {ACM},
address = {New York, NY, USA},
keywords = {Web3D, WebGL, X3DOM, connected TV, interactive advertising, smart TV},
}



@book{kubat2016introduction,
  title={An Introduction to Machine Learning},
  author={Miroslav Kubat},
  year={2016},
  publisher={Springer}
}

@inproceedings{ghamrawi2005collective,
  title={Collective multi-label classification},
  author={Nadia Ghamrawi and Andrew McCallum},
  booktitle={Proceedings of the 14th ACM international conference on Information and knowledge management},
  pages={195--200},
  year={2005},
  organization={ACM}
}

@misc{samsung:smarttv,
  title={Smart TV: Piece by Piece},
  author={Samsung Newsroom},
  year={2011},
  url={https://news.samsung.com/global/smart-tv-piece-by-piece},
  note={Acessado em 15 de Março de 2018}
 }

@misc{whatisasmarttv,
  title={What Is A Smart TV?},
  author={Steve Kovach},
  year={2010},
  url={http://www.businessinsider.com/what-is-a-smart-tv-2010-12},
  note={Acessado em 15 de Março de 2018}
}

@misc{differencebetween,
  title={Difference between Smart TV and Normal TV},
  author={Difference Between},
  url={http://www.differencebetween.info/difference-between-smart-tv-and-normal-tv},
  year={2017},
  note={Acessado em 21 de Março de 2018}
}

@misc{televisioncontentwiki,
  title={Television content rating system},
  author={Wikipedia},
  url={https://en.wikipedia.org/wiki/Television_content_rating_system#Countries_without_TV_rating_systems},
  year={2018},
  note={Acessado em 21 de Março de 2018}
}

@misc{tomsguid:everythingsmart,
  title={Smart TVs: Everything You Need to Know},
  author={John R. Quain},
  year={2018},
  month={Março},
  url={https://www.tomsguide.com/us/smart-tv-faq,review-2111.html},
  note={Acessado em 23 de Março de 2018}
}

@misc{mautilus:specificationsforsmart,
  title={Specifications details for Smart TVs platforms},
  author={Mautilus},
  year={2013},
  month={Dezembro},
  url={https://www.mautilus.com/blog/specifications-details-for-smart-tvs-platforms},
  note={Acessado em 23 de Março de 2018}
}

@misc{estadao:explosaovideosonline,
  title={Explosão no consumo de vídeos online coloca em xeque o futuro da televisão},
  author={Bruno Capelas},
  year={2017},
  month={Março},
  howpublished = {O Estado de S. Paulo},
  url={http://link.estadao.com.br/noticias/geral,explosao-no-consumo-de-videos-online-coloca-em-xeque-o-futuro-da-televisao,70001695828},
  note={Acessado em 20 de Março de 2018}
}

@misc{canaltech:streaming,
  title={Os melhores serviços de streaming de vídeo disponíveis no Brasil},
  author={Douglas Ciriaco},
  year={2018},
  url={https://canaltech.com.br/internet/os-melhores-servicos-de-streaming-de-video-disponiveis-no-brasil/},
  note={Acessado em 20 de Março de 2018}
}

@misc{sbt:tvconectada,
  title={Smart {TV} -- {TV} Conectada},
  author={SBT},
  year={2015},
  url={http://www.sbt.com.br/tvconectada/},
  note={Acessado em 23 de Março de 2018}
}

@misc{leiajabuscasmart,
  title={Com fim do sinal analógico, busca por smart TVs cresce 11\%},
  author={Nathália Guimarães},
  year={2017},
  month={Julho},
  url={http://www.leiaja.com/tecnologia/2017/07/17/com-fim-do-sinal-analogico-busca-por-smart-tvs-cresce-11/},
  note={Acessado em 22 de Março de 2018}
}

@misc{correiopnad,
  title={Copa e novas tecnologias prometem aumentar venda de TVs no Brasil em 2018},
  author={Correio Braziliense},
  year={2018},
  month={Janeiro},
  url={http://www.correiobraziliense.com.br/app/noticia/economia/2018/01/23/internas_economia,654966/copa-e-novas-tecnologias-prometem-aumentar-venda-de-tvs-no-brasil.shtml},
  note={Acessado em 21 de Março de 2018}
}

@misc{mediumcnn,
  title={CNN -- Do we need to go deeper?},
  author={Pierre Ecarlat},
  year={2017},
  month={Abril},
  publisher={Medium},
  url={https://medium.com/finc-engineering/cnn-do-we-need-to-go-deeper-afe1041e263e},
  note={Acessado em 23 de Abril de 2018}
}

@misc{dl_ILSVRC,
  title={Deep Learning -- Future of AI},
  author={Dr. Damian Borth},
  year={2017},
  month={Julho},
  publisher={SlideShare},
  url={https://www.slideshare.net/GroupeT2i/deep-learning-the-future-of-ai},
  note={Acessado em 23 de Abril de 2018}
}

@misc{pnad2015,
  title={Pesquisa Nacional por Amostra de Domicílios: Acesso à INternet e à Telvisão e Posse de Telefone Móvel Celular para Uso Pessoal},
  author={IBGE},
  year={2015},
  url={https://biblioteca.ibge.gov.br/visualizacao/livros/liv99054.pdf},
  note={Acessado em 16 de Março de 2018}
}
@misc{sinapse,
  title={Por que acontecem as crises epilépticas?},
  author={Dra Emanoella de Oliveira Giovanelli and Dra Lívia Meirelles de Araujo Pasqualin},
  publisher={Neuro Vitta},
  url={http://neurovitta.com.br/ctd_noticias_detalhes.php?id=OQ==},
  note={Acessado em 30 de Maio de 2018}
 }

@misc{neuronio_biologico,
  title={O que é neurônio?},
  author={Vanessa Sardinha Dos Santos},
  publisher={Brasil Escola},
  url={https://brasilescola.uol.com.br/o-que-e/biologia/o-que-e-neuronio.htm},
  note={Acessado em 30 de Maio de 2018}
 }

 @misc{rnas_tipos,
   title={Artificial Neural Networks, Neural Networks Applications and Algorithms },
   author={Navdeep Singh Gill},
   publisher={XenonStack},
   url={https://www.xenonstack.com/blog/data-science/artificial-neural-networks-applications-algorithms/},
   year={2017},
   month={Julho},
   note={Acessado em 11 de Junho de 2018}
  }

  @misc{rna:feedforward,
    title={Artificial Neural Networks/Feed-Forward Networks},
    year={2015},
    month={Dezembro},
    publisher={WikiBooks},
    url={https://en.wikibooks.org/wiki/Artificial_Neural_Networks/Feed-Forward_Networks},
    note={Acessado em 11 de Junho de 2018}
  }
  @misc{rna:feedback,
    title={Artificial Intelligence - Neural Networks},
    year={2018},
    author={Tutorials Point},
    url={https://www.tutorialspoint.com/artificial_intelligence/artificial_intelligence_neural_networks.htm},
    note={Acessado em 11 de Junho de 2018}
  }

 @misc{neuronio:perceptron,
   title={Perceptrons: The First Neural Networks},
   author={Mohit Deshpande},
   year={2017},
   month={Setembro},
   publisher={Zenva Academy},
   url={https://pythonmachinelearning.pro/perceptrons-the-first-neural-networks/},
   note={Acessado em 11 de Junho de 2018}
 }

 @misc{ml:algos,
   author={ Jason Brownlee},
   title={Parametric and Nonparametric Machine Learning Algorithms},
   year={2016},
   month={Março},
   publisher={Machine Learning Mastery},
   url={https://machinelearningmastery.com/parametric-and-nonparametric-machine-learning-algorithms/},
   note={Acessado em 13 de Junho de 2018}
 }

 @misc{pascalvoc,
   author={Mark Everingham and Luc van Gool and Chris Williams and John Winn and Andrew Zisserman},
   title={The PASCAL Visual Object Classes Homepage},
   year={2014},
   month={Novembro},
   publisher={The PASCAL VOC project},
   url={http://host.robots.ox.ac.uk/pascal/VOC/},
   note={Acessado em 13 de Junho de 2018}
 }

 @article{coco,
  author    = {Tsung{-}Yi Lin and
               Michael Maire and
               Serge J. Belongie and
               Lubomir D. Bourdev and
               Ross B. Girshick and
               James Hays and
               Pietro Perona and
               Deva Ramanan and
               Piotr Doll{\'{a}}r and
               C. Lawrence Zitnick},
  title     = {Microsoft {COCO:} Common Objects in Context},
  journal   = {CoRR},
  volume    = {abs/1405.0312},
  year      = {2014},
  url       = {http://arxiv.org/abs/1405.0312},
  archivePrefix = {arXiv},
  eprint    = {1405.0312},
  timestamp = {Wed, 07 Jun 2017 14:41:35 +0200},
  biburl    = {https://dblp.org/rec/bib/journals/corr/LinMBHPRDZ14},
  bibsource = {dblp computer science bibliography, https://dblp.org}
}

@article{bengio2009learning,
  title={Learning deep architectures for AI},
  author={Yoshua Bengio and others},
  journal={Foundations and trends{\textregistered} in Machine Learning},
  volume={2},
  number={1},
  pages={1--127},
  year={2009},
  publisher={Now Publishers, Inc.}
}
@book{marsland2015machine,
author = {Marsland, Stephen},
 title = {Machine Learning: An Algorithmic Perspective},
 year = {2009},
 isbn = {1420067184, 9781420067187},
 edition = {1st},
 publisher = {Chapman \& Hall/CRC},
 address={London, UK}
}

@book{flach2012machine,
 author = {Flach, Peter},
 title = {Machine Learning: The Art and Science of Algorithms That Make Sense of Data},
 year = {2012},
 isbn = {1107422221, 9781107422223},
 publisher = {Cambridge University Press},
 address = {New York, NY, USA},
}

@book{mitchell1997machine,
  title={Machine Learning},
  author={ T.M. Mitchell},
  isbn={9780070428072},
  lccn={97007692},
  series={McGraw-Hill international editions - computer science series},
  url={https://books.google.com.br/books?id=xOGAngEACAAJ},
  year={1997},
  publisher={McGraw-Hill Education}
}

@book{lathi2006sinais,
title={Sinais e Sistemas Lineares - 2.ed},
author={Lathi, B.P.},
isbn={9788560031139},
url={https://books.google.com.br/books?id=ySxoo2TVeeYC},
year={2007},
publisher={BOOKMAN COMPANHIA ED}
}

@book{bracewell1986fourier,
  added-at = {2013-07-11T11:56:03.000+0200},
  address = {Tokyo},
  author = {Bracewell, R.N.},
  biburl = {https://www.bibsonomy.org/bibtex/2fb976ae41522f8450ede91045a4d043c/jehiorns},
  edition = {Second},
  interhash = {4a3ee8c596b8ffd49bee6c866c773c1c},
  intrahash = {fb976ae41522f8450ede91045a4d043c},
  keywords = {Fourier cross-correlation},
  publisher = {McGraw-Hill Kogakusha, Ltd.},
  timestamp = {2013-07-11T11:56:03.000+0200},
  title = {The Fourier Transform and its Applications},
  year = 1978
}


@book{goodfellow2016deep,
    title={Deep Learning},
    author={Ian Goodfellow and Yoshua Bengio and Aaron Courville},
    publisher={MIT Press},
    url={http://www.deeplearningbook.org},
    year={2016}
}

@article{deng2014deep,
  title={Deep learning: methods and applications},
  author={Li Deng and Dong Yu and others},
  journal={Foundations and Trends{\textregistered} in Signal Processing},
  volume={7},
  number={3--4},
  pages={197--387},
  year={2014},
  publisher={Now Publishers, Inc.}
}

@BOOK{Teresa:Livro,
  AUTHOR =       {Antônio de Pádua Braga and André Ponce de Leon F. de Carvalho and Teresa Bernarda Ludermir},
  editor =       {LTC},
    publisher =       {LTC},
  TITLE =        {Redes Neurais Artificiais: Teoria e Aplicações},
  YEAR =         {2007},
  edition =      {2},
  address= {Rio de Janeiro}
}

@inproceedings{dechter1986learning,
  added-at = {2012-12-12T00:00:00.000+0100},
  author = {Dechter, Rina},
  biburl = {https://www.bibsonomy.org/bibtex/21ad07cca6b764f3176ab987c43acf61b/dblp},
  booktitle = {AAAI},
  crossref = {conf/aaai/1986-1},
  editor = {Kehler, Tom},
  ee = {http://www.aaai.org/Library/AAAI/1986/aaai86-029.php},
  interhash = {bcba7314c2fdabaf1d857555eabc997a},
  intrahash = {1ad07cca6b764f3176ab987c43acf61b},
  keywords = {dblp},
  pages = {178-185},
  publisher = {Morgan Kaufmann},
  timestamp = {2012-12-13T11:42:23.000+0100},
  title = {Learning While Searching in Constraint-Satisfaction-Problems.},
  url = {http://dblp.uni-trier.de/db/conf/aaai/aaai86-1.html#Dechter86},
  year = 1986
}




@misc{ibm2017bigdata,
  title={10 Key Marketing Trends for 2017 and Ideas for Exceeding Customer Expectations},
  author={Marketing Cloud IBM},
  year={2017},
  url={https://www-01.ibm.com/common/ssi/cgi-bin/ssialias?htmlfid=WRL12345USEN},
  note={Acessado em 23 de Março de 2018}
}

%Redes classicas

@misc{9dlpapers,
  title={The 9 Deep Learning Papers You Need To Know About (Understanding CNNs Part 3)},
  author={Adit Deshpande},
  publisher={Adeshpande},
  url={https://adeshpande3.github.io/The-9-Deep-Learning-Papers-You-Need-To-Know-About.html},
  note={Acessado em 30 de Maio de 2018},
  month={Agosto},
  year={2016}
 }

@misc{mnist,
   title={THE MNIST DATABASE of handwritten digits},
   author={Yann LeCun and Corinna Cortes and Christopher J.C. Burges},
   url={http://yann.lecun.com/exdb/mnist/},
   year={2018},
   note={Acessado em 01 de Junho de 2018}
  }

@misc{keras:applications,
   title={Applications},
   author={Keras},
   publisher={Keras Documentation},
   url={https://keras.io/applications/},
   note={Acessado em 01 de Junho de 2018},
   year={2018}
  }

  @misc{keras,
     title={Keras: The Python Deep Learning library},
     author={Keras},
     publisher={Keras Documentation},
     url={https://keras.io/},
     note={Acessado em 14 de Junho de 2018},
     year={2018}
    }

@misc{tensorflow:models,
     title={Models and examples built with TensorFlow},
     author={Tensorflow},
     url={https://github.com/tensorflow/models},
     note={Acessado em 01 de Junho de 2018},
     year={2018}
}

@misc{tensorflow,
  title={TensorFlow},
  author={Tensorflow},
  url={https://www.tensorflow.org/},
  note={Acessado em 14 de Junho de 2018},
  year={2018}
 }

@misc{tensorflow:alexnet,
  title={AlexNet},
  author={Tensorflow},
  url={https://github.com/tensorflow/models/blob/master/research/slim/nets/alexnet.py},
  note={Acessado em 11 de Junho de 2018},
  year={2018}
 }

@incollection{alexnet,
title = {ImageNet Classification with Deep Convolutional Neural Networks},
author = {Alex Krizhevsky and Sutskever, Ilya and Hinton, Geoffrey E},
booktitle = {Advances in Neural Information Processing Systems 25},
editor = {F. Pereira and C. J. C. Burges and L. Bottou and K. Q. Weinberger},
pages = {1097--1105},
year = {2012},
publisher = {Curran Associates, Inc.},
url = {http://papers.nips.cc/paper/4824-imagenet-classification-with-deep-convolutional-neural-networks.pdf}
}

@article{lenet,
  title={Gradient-based learning applied to document recognition},
  author={Yann LeCun and L{\'e}on Bottou and Yoshua Bengio and Patrick Haffner},
  journal={Proceedings of the IEEE},
  volume={86},
  number={11},
  pages={2278--2324},
  year={1998},
  publisher={IEEE}
}

@article{vggnet,
  title={Very deep convolutional networks for large-scale image recognition},
  author={Karen Simonyan and Andrew Zisserman},
  journal={arXiv preprint arXiv:1409.1556},
  year={2014}
}

@inproceedings{inception,
author={C. Szegedy and Wei Liu and Yangqing Jia and P. Sermanet and S. Reed and D. Anguelov and D. Erhan and V. Vanhoucke and A. Rabinovich},
booktitle={2015 IEEE Conference on Computer Vision and Pattern Recognition (CVPR)},
title={Going deeper with convolutions},
year={2015},
volume={},
number={},
pages={1-9},
keywords={Hebbian learning;convolution;decision making;feature extraction;image classification;neural net architecture;resource allocation;Hebbian principle;architectural decision;convolutional neural network architecture;object classification;object detection;resource utilization;Computer architecture;Computer vision;Convolutional codes;Neural networks;Object detection;Sparse matrices;Visualization},
doi={10.1109/CVPR.2015.7298594},
ISSN={1063-6919},
month={June},
address={Boston, MA, USA},
publisher={IEEE}}

@article{resnet,
  author    = {Kaiming He and
               Xiangyu Zhang and
               Shaoqing Ren and
               Jian Sun},
  title     = {Deep Residual Learning for Image Recognition},
  journal   = {CoRR},
  volume    = {abs/1512.03385},
  year      = {2015},
  url       = {http://arxiv.org/abs/1512.03385},
  archivePrefix = {arXiv},
  eprint    = {1512.03385},
  timestamp = {Wed, 07 Jun 2017 14:41:17 +0200},
  biburl    = {https://dblp.org/rec/bib/journals/corr/HeZRS15},
  bibsource = {dblp computer science bibliography, https://dblp.org}
}

@inproceedings{ssd,
author    = {Wei Liu and
             Dragomir Anguelov and
             Dumitru Erhan and
             Christian Szegedy and
             Scott E. Reed and
             Cheng{-}Yang Fu and
             Alexander C. Berg},
title     = {SSD: Single Shot MultiBox Detector},
journal   = {CoRR},
volume    = {abs/1512.02325},
year      = {2015},
url       = {http://arxiv.org/abs/1512.02325},
archivePrefix = {arXiv},
eprint    = {1512.02325},
timestamp = {Wed, 07 Jun 2017 14:42:54 +0200},
biburl    = {https://dblp.org/rec/bib/journals/corr/LiuAESR15},
bibsource = {dblp computer science bibliography, https://dblp.org},
address={Amsterdam, The Netherlands},
publisher={CoRR}
}

@inproceedings{rothe2015dex,
author = {R. Rothe and R. Timofte and L. V. Gool},
booktitle = {2015 IEEE International Conference on Computer Vision Workshop (ICCVW)},
title = {DEX: Deep EXpectation of Apparent Age from a Single Image},
year = {2015},
volume = {00},
number = {},
pages = {252-257},
keywords={Face;Estimation;Training;Encyclopedias;Internet;Electronic publishing},
doi = {10.1109/ICCVW.2015.41},
url = {doi.ieeecomputersociety.org/10.1109/ICCVW.2015.41},
ISSN = {},
month={Dezembro},
address={Santiago, Chile},
publisher={IEEE}
}

@inproceedings{mathias2014face,
  title={Face detection without bells and whistles},
  author={Markus Mathias and Rodrigo Benenson and Marco Pedersoli and Luc Van Gool},
  booktitle={European Conference on Computer Vision},
  pages={720--735},
  year={2014},
  organization={Springer}
}

@book{book:1292457,
   title =     {Computer Vision – ECCV 2014: 13th European Conference, Zurich, Switzerland, September 6-12, 2014, Proceedings, Part VI},
   author =    {David Fleet and Tomas Pajdla and Bernt Schiele and Tinne Tuytelaars (eds.)},
   publisher = {Springer International Publishing},
   isbn =      {978-3-319-10598-7,978-3-319-10599-4},
   year =      {2014},
   series =    {Lecture Notes in Computer Science 8694 Image Processing, Computer Vision, Pattern Recognition, and Graphics},
   edition =   {1},
   volume =    {},
   url =       {http://gen.lib.rus.ec/book/index.php?md5=2C343FB20AEC4FC2B0055F0D81CF1EEE}
  }

  @inproceedings{levi2015age,
  author    = {Gil Levi and Tal Hassner},
   title     = {Age and Gender Classification Using Convolutional Neural Networks},
   booktitle = {IEEE Conf. on Computer Vision and Pattern Recognition (CVPR) workshops},
   month	=  {June},
   year 	= {2015},
   URL 	= {https://www.openu.ac.il/home/hassner/projects/cnn_agegender},
   publisher={IEEE}
  }

  @inproceedings{can2016apparent,
    title={Apparent Age Estimation Using Ensemble of Deep Learning Models},
    author={Refik Can Malli and Mehmet Aygun and Hazim Kemal Ekenel},
    booktitle={Proceedings of the IEEE Conference on Computer Vision and Pattern Recognition Workshops},
    pages={9--16},
    year={2016}
  }

  @inproceedings{redmon2016you,
  author    = {Joseph Redmon and
               Santosh Kumar Divvala and
               Ross B. Girshick and
               Ali Farhadi},
  title     = {You Only Look Once: Unified, Real-Time Object Detection},
  journal   = {CoRR},
  volume    = {abs/1506.02640},
  year      = {2015},
  url       = {http://arxiv.org/abs/1506.02640},
  archivePrefix = {arXiv},
  eprint    = {1506.02640},
  timestamp = {Wed, 07 Jun 2017 14:40:10 +0200},
  biburl    = {https://dblp.org/rec/bib/journals/corr/RedmonDGF15},
  bibsource = {dblp computer science bibliography, https://dblp.org},
  publisher={CoRR}
}

  @inproceedings{liu2015agenet,
    title={Agenet: Deeply learned regressor and classifier for robust apparent age estimation},
    author={Xin Liu and Shaoxin Li and Meina Kan and Jie Zhang and Shuzhe Wu and Wenxian Liu and Hu
    Han and Shiguang Shan and Xilin Chen},
    booktitle={Proceedings of the IEEE International Conference on Computer Vision Workshops},
    pages={16--24},
    year={2015},
    publisher={IEEE},
    address={Santiago, Chile}
  }


  @article{fu2010age,
    title={Age synthesis and estimation via faces: A survey},
    author={Yun Fu and Guodong Guo and Thomas S. Huang},
    journal={IEEE transactions on pattern analysis and machine intelligence},
    volume={32},
    number={11},
    pages={1955--1976},
    year={2010},
    publisher={IEEE}
  }

  @article{lanitis2002toward,
    title={Toward automatic simulation of aging effects on face images},
    author={Andreas Lanitis and Christopher J. Taylor and Timothy F. Cootes},
    journal={IEEE Transactions on Pattern Analysis and Machine Intelligence},
    volume={24},
    number={4},
    pages={442--455},
    year={2002},
    publisher={IEEE}
  }
  @article{kwon1999age,
  title={Age classification from facial images},
  author={Young H. Kwon and Niels da Vitoria Lobo},
  journal={Computer vision and image understanding},
  volume={74},
  number={1},
  pages={1--21},
  year={1999},
  publisher={Elsevier}
}

@inproceedings{fu2007estimating,
  author={Yun Fu and Ye Xu and Thomas S. Huang},
  booktitle={2007 IEEE International Conference on Multimedia and Expo},
  title={Estimating Human Age by Manifold Analysis of Face Pictures and Regression on Aging Features},
  year={2007},
  pages={1383-1386},
  doi={10.1109/ICME.2007.4284917},
  ISSN={1945-7871},
  month={Julho},
  organization={IEEE},
  address={Beijing, China}
}

@inproceedings{suo2008design,
  title={Design sparse features for age estimation using hierarchical face model},
  author={Jinli Suo and Tianfu Wu and Songchun Zhu and Shiguang Shan and Xilin Chen and Wen Gao},
  booktitle={Automatic Face \& Gesture Recognition, 2008. FG'08. 8th IEEE International Conference on},
  pages={1--6},
  year={2008},
  publisher={IEEE},
  address={Amsterdam, The Netherlands}
}

@article{lou2018expression,
  title={Expression-Invariant Age Estimation Using Structured Learning},
  author={Zhongyu Lou and Fares Alnajar and Jose M. Alvarez and Ninghang Hu and Theo Gevers},
  journal={IEEE transactions on pattern analysis and machine intelligence},
  volume={40},
  number={2},
  pages={365--375},
  year={2018},
  publisher={IEEE}
}

%história do dl
@article{mcculloch1943logical,
  title={A logical calculus of the ideas immanent in nervous activity},
  author={Warren S. McCulloch and Walter Pitts},
  journal={The bulletin of mathematical biophysics},
  volume={5},
  number={4},
  pages={115--133},
  year={1943},
  publisher={Springer}
}

@article{rosenblatt1958perceptron,
  title={The perceptron: a probabilistic model for information storage and organization in the brain.},
  author={Frank Rosenblatt},
  journal={Psychological review},
  volume={65},
  number={6},
  pages={386},
  year={1958},
  publisher={American Psychological Association}
}

@article{rumelhart1986backpropagation,
  title={Learning representations by back-propagating errors},
  author={David E Rumelhart and Geoffrey E. Hinton and Ronald J. Williams},
  journal={nature},
  volume={323},
  number={6088},
  pages={533},
  year={1986},
  publisher={Nature Publishing Group}
}

@article{rumelhart1986parallel,
  title={Parallel distribution processing: exploration in the microstructure of cognition},
  author={David E. Rumelhart and James L. McClelland},
  journal={MA: MIT Press, Cambridge},
  year={1986}
}

@article{hochreiter1997long,
  title={Long short-term memory},
  author={Sepp Hochreiter and J{\"u}rgen Schmidhuber},
  journal={Neural computation},
  volume={9},
  number={8},
  pages={1735--1780},
  year={1997},
  publisher={MIT Press}
}

@article{hinton2006fast,
  title={A fast learning algorithm for Deep Belief Nets},
  author={Geoffrey E. Hinton and Simon Osindero and Yee-Whye Teh},
  journal={Neural computation},
  volume={18},
  number={7},
  pages={1527--1554},
  year={2006},
  publisher={MIT Press}
}

@ELECTRONIC{Guardian:CameraSmartv,
author={Jack Schofield},
title={How can I make video calls from my TV set?},
url={https://goo.gl/eCynUh},
year = {2017},
note = {Acessado em \today.}
}

@book{russell2016artificial,
  title={Artificial intelligence: a modern approach},
  author={Stuart J Russell and Peter Norvig},
  year={2016},
  publisher={Pearson Education Limited},
  address={Malaysia}
}

@article{hornik1991approximation,
  title={Approximation capabilities of multilayer feedforward networks},
  author={Kurt Hornik},
  journal={Neural networks},
  volume={4},
  number={2},
  pages={251--257},
  year={1991},
  publisher={Elsevier}
}

@article{widrow1994neural,
  title={Neural networks: applications in industry, business and science},
  author={Bernard Widrow and David Rumelhart E and Michael A. Lehr},
  journal={Communications of the ACM},
  volume={37},
  number={3},
  pages={93--105},
  year={1994},
  publisher={ACM}
}

@article{oktay2018anatomically,
  title={Anatomically constrained neural networks (ACNNs): application to cardiac image enhancement and segmentation},
  author={Ozan Oktay and Enzo Ferrante and Konstantinos Kamnitsas and Mattias Heinrich and Wenjia Bai and Jose Caballero and Stuart A. Cook and Antonio de Marvao and Timothy Dawes and Declan P O‘Regan and others},
  journal={IEEE transactions on medical imaging},
  volume={37},
  number={2},
  pages={384--395},
  year={2018},
  publisher={IEEE}
}

@article{mingchen2018holistic,
author = {Mingchen Gao and Ulas Bagci and Le Lu and Aaron Wu and Mario Buty and Hoo-Chang Shin and Holger Roth and Georgios Z. Papadakis and Adrien Depeursinge and Ronald M. Summers and Ziyue Xu and Daniel J. Mollura},
title = {Holistic classification of CT attenuation patterns for interstitial lung diseases via deep convolutional neural networks},
journal = {Computer Methods in Biomechanics and Biomedical Engineering: Imaging \& Visualization},
volume = {6},
number = {1},
pages = {1-6},
year  = {2018},
publisher = {Taylor \& Francis},
doi = {10.1080/21681163.2015.1124249},

URL = {https://doi.org/10.1080/21681163.2015.1124249},
eprint = {https://doi.org/10.1080/21681163.2015.1124249}

}

@article{dubrovina2018mammography,
author = {A. Dubrovina and P. Kisilev and B. Ginsburg and S. Hashoul and R. Kimmel},
title = {Computational mammography using deep neural networks},
journal = {Computer Methods in Biomechanics and Biomedical Engineering: Imaging \& Visualization},
volume = {6},
number = {3},
pages = {243-247},
year  = {2018},
publisher = {Taylor \& Francis},
doi = {10.1080/21681163.2015.1131197},

URL = {https://doi.org/10.1080/21681163.2015.1131197},
eprint = {https://doi.org/10.1080/21681163.2015.1131197}

}



@BOOK{Buduma:Livro,
author = {Nikhil Buduma},
title = {Fundamentals of Deep Learning},
publisher = {Editora O'Relly},
address = {Estados Unidos},
year = {2017}
}

@BOOK{Khan:Livro,
author = {Salman Khan and Hossein Rahmani and Syed Afaq Ali Shah and Mohammed Bennamoun},
title = {A Guide to Convolutional Neural Networks for Computer Vision},
publisher = {Morgan \& Claypool},
address = {Austrália},
year = {2018}
}

@article{bengio2012practical,
  author    = {Yoshua Bengio},
  title     = {Practical recommendations for gradient-based training of deep architectures},
  journal   = {CoRR},
  volume    = {abs/1206.5533},
  year      = {2012},
  url       = {http://arxiv.org/abs/1206.5533},
  archivePrefix = {arXiv},
  eprint    = {1206.5533},
  timestamp = {Wed, 07 Jun 2017 14:43:16 +0200},
  biburl    = {https://dblp.org/rec/bib/journals/corr/abs-1206-5533},
  bibsource = {dblp computer science bibliography, https://dblp.org}
}

@article{hinton2007learning,
  title={Learning multiple layers of representation},
  author={Geoffrey E. Hinton},
  journal={Trends in cognitive sciences},
  volume={11},
  number={10},
  pages={428--434},
  year={2007},
  publisher={Elsevier}
}

@misc{IMDb_derivada,
author={Rasmus Rothe and Radu Timofte and Luc Van Gool},
title={IMDB-WIKI – 500k+ face images with age and gender labels},
url={https://data.vision.ee.ethz.ch/cvl/rrothe/imdb-wiki/},
year = {2015},
note = {Acessado em \today}}


@misc{Imagenet:main,
author={ImageNet},
title={ImageNet},
url={http://www.image-net.org/},
year = {2016},
note = {Acessado em 31 de Maio de 2018.}}

@misc{ImagenetChall:2012,
author={ImageNet},
title={Large Scale Visual Recognition Challenge 2012 (ILSVRC2012)},
url={http://image-net.org/challenges/LSVRC/2012/index},
year = {2012},
note = {Acessado em 31 de Maio de 2018.}}

@misc{ImagenetChall,
author={ImageNet},
title={Large Scale Visual Recognition Challenge (ILSVRC)},
url={http://image-net.org/challenges/LSVRC/},
year = {2015},
note = {Acessado em 31 de Maio de 2018.}}


@inproceedings{oquab2014learning,
  title={Learning and transferring mid-level image representations using convolutional neural networks},
  author={Maxime Oquab and Leon Bottou and Ivan Laptev and Josef Sivic},
  booktitle={Computer Vision and Pattern Recognition (CVPR), 2014 IEEE Conference on},
  pages={1717--1724},
  year={2014},
  publisher={IEEE},
  address={Columbus, OH, USA}
}

@inproceedings{zeiler2014visualizing,
  title={Visualizing and understanding convolutional networks},
  author={Matthew D Zeiler and Rob Fergus},
  booktitle={European conference on computer vision},
  pages={818--833},
  year={2014},
  organization={Springer},
  address={Zurich, Switzerland}
}

@book{chollet2017deep,
author = {Chollet, Francois},
 title = {Deep Learning with Python},
 year = {2017},
 isbn = {1617294438, 9781617294433},
 edition = {1st},
 publisher = {Manning Publications Co.},
 address = {Greenwich, CT, USA},
}

@misc{torch:resnet,
  title={Training and investigating Residual Nets},
  author={Sam Gross and Michal Wilber},
  year={2016},
  publisher={Torch},
  url={http://torch.ch/blog/2016/02/04/resnets.html},
  note={Acessado em 01 de Junho de 2018}
 }

 @inproceedings{maas2013rectifier,
 author = {Andrew L. Maas and Awni Y. Hannun and Andrew Y. Ng},
     title = {Rectifier nonlinearities improve neural network acoustic models},
     booktitle = {in ICML Workshop on Deep Learning for Audio, Speech and Language Processing},
     year = {2013},
     organization={ICML},
     url={http://web.stanford.edu/~awni/papers/relu_hybrid_icml2013_final.pdf}}

 @misc{gce,
   title={Compute Engine},
   author={Google},
   year={2018},
   publisher={Google},
   url={https://cloud.google.com/compute/},
   note={Acessado em 14 de Junho de 2018}
  }

  @misc{pandas,
    title={Python Data Analysis Library},
    author={NUMFOCUS},
    year={2018},
    publisher={NUMFOCUS},
    url={https://pandas.pydata.org/},
    note={Acessado em 14 de Junho de 2018}
   }

@misc{seaborn,
  title={seaborn: statistical data visualization},
  author={Michael Waskom},
  year={2018},
  url={https://seaborn.pydata.org/},
  note={Acessado em 14 de Junho de 2018}
 }

 @misc{matplotlib,
   title={MatPlotLib},
   author={NUMFOCUS},
   year={2018},
   url={https://matplotlib.org/},
   note={Acessado em 14 de Junho de 2018}
  }

 @article{leaky_relu,
   author    = {Bing Xu and
                Naiyan Wang and
                Tianqi Chen and
                Mu Li},
   title     = {Empirical Evaluation of Rectified Activations in Convolutional Network},
   journal   = {CoRR},
   volume    = {abs/1505.00853},
   year      = {2015},
   url       = {http://arxiv.org/abs/1505.00853},
   archivePrefix = {arXiv},
   eprint    = {1505.00853},
   timestamp = {Wed, 07 Jun 2017 14:41:27 +0200},
   biburl    = {https://dblp.org/rec/bib/journals/corr/XuWCL15},
   bibsource = {dblp computer science bibliography, https://dblp.org}
 }

 @article{dabal2018elus,
   author    = {Dabal Pedamonti},
   title     = {Comparison of non-linear activation functions for deep neural networks
                on {MNIST} classification task},
   journal   = {CoRR},
   volume    = {abs/1804.02763},
   year      = {2018},
   url       = {http://arxiv.org/abs/1804.02763},
   archivePrefix = {arXiv},
   eprint    = {1804.02763},
   timestamp = {Tue, 01 May 2018 19:46:29 +0200},
   biburl    = {https://dblp.org/rec/bib/journals/corr/abs-1804-02763},
   bibsource = {dblp computer science bibliography, https://dblp.org}
 }

 @article{djork2015elus,
   author    = {Djork{-}Arn{\'{e}} Clevert and
                Thomas Unterthiner and
                Sepp Hochreiter},
   title     = {Fast and Accurate Deep Network Learning by Exponential Linear Units
                (ELUs)},
   journal   = {CoRR},
   volume    = {abs/1511.07289},
   year      = {2015},
   url       = {http://arxiv.org/abs/1511.07289},
   archivePrefix = {arXiv},
   eprint    = {1511.07289},
   timestamp = {Wed, 07 Jun 2017 14:40:17 +0200},
   biburl    = {https://dblp.org/rec/bib/journals/corr/ClevertUH15},
   bibsource = {dblp computer science bibliography, https://dblp.org}
 }

 @article{willmott2005advantages,
   title={Advantages of the mean absolute error (MAE) over the root mean square error (RMSE) in assessing average model performance},
   author={Willmott, Cort J and Matsuura, Kenji},
   journal={Climate research},
   volume={30},
   number={1},
   pages={79--82},
   year={2005}
 }
